<record><leader>00000cas a2200000 a 4500</leader><controlfield tag="001">53947414</controlfield><controlfield tag="008">031223d1966199ucaudn ne      0    0eng c</controlfield><datafield ind1=" " ind2=" " tag="010"><subfield code="a">sn2003061022</subfield></datafield><datafield ind1=" " ind2=" " tag="040"><subfield code="a">CNK</subfield><subfield code="b">eng</subfield><subfield code="c">CNK</subfield><subfield code="d">OCLCQ</subfield><subfield code="d">CNK</subfield><subfield code="d">OCLCF</subfield><subfield code="d">OCLCO</subfield></datafield><datafield ind1="1" ind2=" " tag="029"><subfield code="a">AU@</subfield><subfield code="b">000025197854</subfield></datafield><datafield ind1=" " ind2=" " tag="042"><subfield code="a">pcc</subfield></datafield><datafield ind1=" " ind2=" " tag="043"><subfield code="a">n-us-ca</subfield></datafield><datafield ind1="0" ind2=" " tag="130"><subfield code="a">Daily star-progress (La Habra, Calif. : Brea ed.)</subfield></datafield><datafield ind1="1" ind2="0" tag="245"><subfield code="a">Daily star-progress.</subfield></datafield><datafield ind1=" " ind2=" " tag="250"><subfield code="a">Brea ed.</subfield></datafield><datafield ind1=" " ind2=" " tag="260"><subfield code="a">La Habra, Calif. :</subfield><subfield code="b">Freedom Newspapers, Inc.</subfield></datafield><datafield ind1=" " ind2=" " tag="300"><subfield code="a">v.</subfield></datafield><datafield ind1=" " ind2=" " tag="310"><subfield code="a">Daily (except Sat. &amp; Sun.)</subfield></datafield><datafield ind1="0" ind2=" " tag="362"><subfield code="a">52nd year, v. [i.e. no.] 76 (Oct. 3, 1966)-</subfield></datafield><datafield ind1=" " ind2=" " tag="530"><subfield code="a">Master negatives are available for duplication from:</subfield><subfield code="b">California Newspaper Microfilm Archive;</subfield><subfield code="c">for further information consult the CNMA at:</subfield><subfield code="u">http://cbsr.ucr.edu.</subfield></datafield><datafield ind1=" " ind2="0" tag="651"><subfield code="a">Brea (Calif.)</subfield><subfield code="v">Newspapers.</subfield></datafield><datafield ind1=" " ind2="7" tag="655"><subfield code="a">Newspapers.</subfield><subfield code="2">fast</subfield><subfield code="0">(OCoLC)fst01423814</subfield></datafield><datafield ind1=" " ind2="7" tag="651"><subfield code="a">California</subfield><subfield code="z">Brea.</subfield><subfield code="2">fast</subfield><subfield code="0">(OCoLC)fst01216946</subfield></datafield><datafield ind1=" " ind2=" " tag="752"><subfield code="a">United States</subfield><subfield code="b">California</subfield><subfield code="c">Orange</subfield><subfield code="d">La Habra.</subfield></datafield><datafield ind1="0" ind2=" " tag="775"><subfield code="t">Daily star-progress (La Habra, Calif. : La Habra ed.)</subfield><subfield code="w">(DLC)sn 95062047</subfield></datafield><datafield ind1="0" ind2="0" tag="780"><subfield code="t">Brea progress</subfield><subfield code="w">(DLC)sn2002060206</subfield></datafield></record>